<?xml version="1.0" encoding="UTF-8"?><collection xmlns="http://www.loc.gov/MARC21/slim"><record><leader>00534nam--2200193-i-4500</leader><controlfield tag="001">000015814</controlfield><controlfield tag="002">20161230</controlfield><controlfield tag="005">20161230201031</controlfield><controlfield tag="008">060222s1000------------r-----000-0-eng-d</controlfield><datafield ind1=" " ind2=" " tag="040"><subfield code="a">IFIN-HH</subfield></datafield><datafield ind1=" " ind2=" " tag="080"><subfield code="a">537.312.62</subfield></datafield><datafield ind1="1" ind2=" " tag="100"><subfield code="a">Deaver, B</subfield></datafield><datafield ind1="1" ind2="0" tag="245"><subfield code="a">Advances in superconductivity</subfield><subfield code="c">B. deaver, john ruvalds (eds.)</subfield></datafield><datafield ind1=" " ind2=" " tag="260"><subfield code="a">New York</subfield><subfield code="b">Plenum Press</subfield><subfield code="c">1983</subfield></datafield><datafield ind1=" " ind2=" " tag="300"><subfield code="a">VIII + 529 P</subfield></datafield><datafield ind1=" " ind2=" " tag="490"><subfield code="a">Nato Advanced Study Institute Series, 100</subfield></datafield><datafield ind1="1" ind2=" " tag="700"><subfield code="a">Ruvalds, John</subfield><subfield code="e">Ed</subfield></datafield><datafield ind1=" " ind2=" " tag="852"><subfield code="a">42270</subfield><subfield code="c">53</subfield></datafield><datafield ind1=" " ind2=" " tag="CAT"><subfield code="a">Sys</subfield><subfield code="c">20150320</subfield><subfield code="h">113940</subfield></datafield></record></collection>